@article{Lakshman:2010:CDS:1773912.1773922,
 author = {Lakshman, Avinash and Malik, Prashant},
 title = {Cassandra: A Decentralized Structured Storage System},
 journal = {SIGOPS Oper. Syst. Rev.},
 issue_date = {April 2010},
 volume = {44},
 number = {2},
 month = apr,
 year = {2010},
 issn = {0163-5980},
 pages = {35--40},
 numpages = {6},
 url = {http://doi.acm.org/10.1145/1773912.1773922},
 doi = {10.1145/1773912.1773922},
 acmid = {1773922},
 publisher = {ACM},
 address = {New York, NY, USA},
} 

@article{osti_1056901,
title = {Real-Time System Log Monitoring/Analytics Framework},
author = {Oral, H Sarp and Dillow, David A and Park, Byung H and Shipman, Galen M and Geist, Al and Gunasekaran, Raghul},
abstractNote = {Analyzing system logs provides useful insights for identifying system/application anomalies and helps in better usage of system resources. Nevertheless, it is simply not practical to scan through the raw log messages on a regular basis for large-scale systems. First, the sheer volume of unstructured log messages affects the readability, and secondly correlating the log messages to system events is a daunting task. These factors limit large-scale system logs primarily for generating alerts on known system events, and post-mortem diagnosis for identifying previously unknown system events that impacted the systems performance. In this paper, we describe a log monitoring framework that enables prompt analysis of system events in real-time. Our web-based framework provides a summarized view of console, netwatch, consumer, and apsched logs in real- time. The logs are parsed and processed to generate views of applications, message types, individual/group of compute nodes, and in sections of the compute platform. Also from past application runs we build a statistical profile of user/application characteristics with respect to known system events, recoverable/non-recoverable error messages and resources utilized. The web-based tool is being developed for Jaguar XT5 at the Oak Ridge Leadership Computing facility.},
doi = {},
journal = {},
number = ,
volume = ,
place = {United States},
year = {2011},
month = {1}
}


@ARTICLE{portafolio,
author = {Luis Eduardo Meneses Ortiz},
title = {Modelo para estructurar portafolios de inversiones en acciones en Colombia mediante redes neuronales.}
}

@misc{bvc, 
  booktitle = {http://www.bvc.com.co/pps/tibco/portalbvc/Home/AcercaBVC/Comunicados_Prensa?com.tibco.ps.pagesvc.action=updateRenderState&rp.currentDocumentID=2bb648_143bae672ca_-7c240a0a600b&rp.revisionNumber=1&rp.attachmentPropertyName=Attachment&com.tibco.ps.pagesvc.targetPage=1f9a1c33_132040fa022_-78750a0a600b&com.tibco.ps.pagesvc.mode=resource&rp.redirectPage=1f9a1c33_132040fa022_-787e0a0a600b},
  title = {{Simulador BVC}},
  note = {Disponible en   \url{http://www.bvc.com.co/pps/tibco/portalbvc/Home/AcercaBVC/Comunicados_Prensa?com.tibco.ps.pagesvc.action=updateRenderState&rp.currentDocumentID=2bb648_143bae672ca_-7c240a0a600b&rp.revisionNumber=1&rp.attachmentPropertyName=Attachment&com.tibco.ps.pagesvc.targetPage=1f9a1c33_132040fa022_-78750a0a600b&com.tibco.ps.pagesvc.mode=resource&rp.redirectPage=1f9a1c33_132040fa022_-787e0a0a600b}},
}

@misc{h1, 
  booktitle = {http://www.uv.mx/personal/mvalle/files/2011/08/BOLSA-DE-VALORES-E-INDICES-BURSATILES.pdf},
  title = {{Historia Bolsa de Valores}},
  note = {Disponible en   \url{http://www.uv.mx/personal/mvalle/files/2011/08/BOLSA-DE-VALORES-E-INDICES-BURSATILES.pdf}},
}

@misc{h2, 
  booktitle = {https://tools.ietf.org/html/rfc3164},
  title = {{The BSD syslog Protocol}},
  note = {Disponible en   \url{https://tools.ietf.org/html/rfc3164}},
}
    